@book{ElmanKarpenkoMerkurjev,
author = "Richard Elman and Nikita Karpenko and Alexander Merkurjev",
title = "The Algebraic and Geometric Theory of Quadratic Forms",
publisher = "American Mathematical Society",
series = "Colloquium Publications",
volume = "56",
year = "2008"
}

@book {Lam,
    AUTHOR = {Lam, Tsit Yuen},
     TITLE = {Introduction to quadratic forms over fields},
    SERIES = {Graduate Studies in Mathematics},
    VOLUME = {67},
 PUBLISHER = {American Mathematical Society},
      YEAR = {2005}
}